@article{Mennes2013,
   Author="Mennes, M.  and Biswal, B. B.  and Castellanos, F. X.  and Milham, M. P. ",
   Title="{{M}aking data sharing work: the {F}{C}{P}/{I}{N}{D}{I} experience}",
   Journal="Neuroimage",
   Year="2013",
   Volume="82",
   Pages="683--691",
   Month="Nov"
}

% 25937488 
@article{Jernigan2016,
   Author="Jernigan, T. L.  and Brown, T. T.  and Hagler, D. J.  and Akshoomoff, N.  and Bartsch, H.  and Newman, E.  and Thompson, W. K.  and Bloss, C. S.  and Murray, S. S.  and Schork, N.  and Kennedy, D. N.  and Kuperman, J. M.  and McCabe, C.  and Chung, Y.  and Libiger, O.  and Maddox, M.  and Casey, B. J.  and Chang, L.  and Ernst, T. M.  and Frazier, J. A.  and Gruen, J. R.  and Sowell, E. R.  and Kenet, T.  and Kaufmann, W. E.  and Mostofsky, S.  and Amaral, D. G.  and Dale, A. M. ",
   Title="{{T}he {P}ediatric {I}maging, {N}eurocognition, and {G}enetics ({P}{I}{N}{G}) {D}ata {R}epository}",
   Journal="Neuroimage",
   Year="2016",
   Volume="124",
   Number="Pt B",
   Pages="1149--1154",
   Month="Jan"
}

% 24600385 
@article{Garyfallidis2014,
   Author="Garyfallidis, E.  and Brett, M.  and Amirbekian, B.  and Rokem, A.  and van der Walt, S.  and Descoteaux, M.  and Nimmo-Smith, I. ",
   Title="{{D}ipy, a library for the analysis of diffusion {M}{R}{I} data}",
   Journal="Front Neuroinform",
   Year="2014",
   Volume="8",
   Pages="8"
}

% 23774715 
@article{DiMartino2014,
   Author="Di Martino, A.  and Yan, C. G.  and Li, Q.  and Denio, E.  and Castellanos, F. X.  and Alaerts, K.  and Anderson, J. S.  and Assaf, M.  and Bookheimer, S. Y.  and Dapretto, M.  and Deen, B.  and Delmonte, S.  and Dinstein, I.  and Ertl-Wagner, B.  and Fair, D. A.  and Gallagher, L.  and Kennedy, D. P.  and Keown, C. L.  and Keysers, C.  and Lainhart, J. E.  and Lord, C.  and Luna, B.  and Menon, V.  and Minshew, N. J.  and Monk, C. S.  and Mueller, S.  and Muller, R. A.  and Nebel, M. B.  and Nigg, J. T.  and O'Hearn, K.  and Pelphrey, K. A.  and Peltier, S. J.  and Rudie, J. D.  and Sunaert, S.  and Thioux, M.  and Tyszka, J. M.  and Uddin, L. Q.  and Verhoeven, J. S.  and Wenderoth, N.  and Wiggins, J. L.  and Mostofsky, S. H.  and Milham, M. P. ",
   Title="{{T}he autism brain imaging data exchange: towards a large-scale evaluation of the intrinsic brain architecture in autism}",
   Journal="Mol. Psychiatry",
   Year="2014",
   Volume="19",
   Number="6",
   Pages="659--667",
   Month="Jun"
}

% 23684880 
@article{VanEssen2013,
   Author="Van Essen, D. C.  and Smith, S. M.  and Barch, D. M.  and Behrens, T. E.  and Yacoub, E.  and Ugurbil, K.  and Van Essen, D.  and Barch, D.  and Corbetta, M.  and Goate, A.  and Heath, A.  and Larson-Prior, L.  and Marcus, D.  and Petersen, S.  and Prior, F.  and Province, M.  and Raichle, M.  and Schlaggar, B.  and Shimony, J.  and Snyder, A.  and Adeyemo, B.  and Archie, K.  and Babajani-Feremi, A.  and Bloom, N.  and Bryant, J. E.  and Burgess, G.  and Cler, E.  and Coalson, T.  and Curtiss, S.  and Danker, S.  and Denness, R.  and Dierker, D.  and Elam, J.  and Evans, T.  and Feldt, C.  and Fenlon, K.  and Footer, O.  and Glasser, M.  and Gordon, E.  and Gu, P.  and Guilday, C.  and Harms, M.  and Hartley, T.  and Harwell, J.  and Hileman, M.  and Hodge, M.  and Hood, L.  and Horton, W.  and House, M.  and Laumann, T.  and Lugo, M.  and Marion, S.  and Miezin, F.  and Nolan, D.  and Nolan, T.  and Power, J.  and Ramaratnam, M.  and Reid, E.  and Schindler, J.  and Schmitz, D.  and Schweiss, C.  and Serati, J.  and Taylor, B.  and Tobias, M.  and Wilson, T.  and Ugurbil, K.  and Garwood, M.  and Harel, N.  and Lenglet, C.  and Yacoub, E.  and Adriany, G.  and Auerbach, E.  and Moeller, S.  and Strupp, J.  and Smith, S.  and Behrens, T.  and Jenkinson, M.  and Johansen-Berg, H.  and Miller, K.  and Woolrich, M.  and Andersson, J.  and Duff, E.  and Hernandez, M.  and Jbabdi, S.  and Robinson, E.  and Salimi-Khorshidi, R.  and Sotiropoulos, S.  and Romani, G. L.  and Della Penna, S.  and Pizzella, V.  and de Pasquale, F.  and Di Pompeo, F.  and Marzetti, L.  and Perruci, G.  and Bucholz, R.  and Roskos, T.  and Kiser, T.  and Luo, Q. J.  and Stout, J.  and Oostenveld, R.  and Beckmann, C.  and Schoffelen, J. M.  and Fries, P.  and Michalareas, G.  and Sapiro, G.  and Sporns, O.  and Nichols, T.  and Farber, G.  and Bjork, J.  and Blumensath, T.  and Chang, A.  and Chen, L.  and Feinberg, D.  and Kull, L.  and Wig, G.  and Xu, J. G.  and Basser, P.  and Bullmore, E.  and Evans, A.  and Gazzaniga, M.  and Glahn, D.  and Hawrylycz, M.  and Hennig, J.  and Parker, G.  and Poldrack, R.  and Salmelin, R. ",
   Title="{{T}he {W}{U}-{M}inn {H}uman {C}onnectome {P}roject: an overview}",
   Journal="Neuroimage",
   Year="2013",
   Volume="80",
   Pages="62--79",
   Month="Oct"
}

% 23661744 
@article{Insel2013,
   Author="Insel, T. R.  and Landis, S. C.  and Collins, F. S. ",
   Title="{{R}esearch priorities. {T}he {N}{I}{H} {B}{R}{A}{I}{N} {I}nitiative}",
   Journal="Science",
   Year="2013",
   Volume="340",
   Number="6133",
   Pages="687--688",
   Month="May"
}

% 22319489 
@article{Das2011,
   Author="Das, S.  and Zijdenbos, A. P.  and Harlap, J.  and Vins, D.  and Evans, A. C. ",
   Title="{{L}{O}{R}{I}{S}: a web-based data management system for multi-center studies}",
   Journal="Front Neuroinform",
   Year="2011",
   Volume="5",
   Pages="37"
}

% 22275896 
@article{Scott2011,
   Author="Scott, A.  and Courtney, W.  and Wood, D.  and de la Garza, R.  and Lane, S.  and King, M.  and Wang, R.  and Roberts, J.  and Turner, J. A.  and Calhoun, V. D. ",
   Title="{{C}{O}{I}{N}{S}: {A}n {I}nnovative {I}nformatics and {N}euroimaging {T}ool {S}uite {B}uilt for {L}arge {H}eterogeneous {D}atasets}",
   Journal="Front Neuroinform",
   Year="2011",
   Volume="5",
   Pages="33"
}

% 20176931 
@article{Biswal2010,
   Author="Biswal, B. B.  and Mennes, M.  and Zuo, X. N.  and Gohel, S.  and Kelly, C.  and Smith, S. M.  and Beckmann, C. F.  and Adelstein, J. S.  and Buckner, R. L.  and Colcombe, S.  and Dogonowski, A. M.  and Ernst, M.  and Fair, D.  and Hampson, M.  and Hoptman, M. J.  and Hyde, J. S.  and Kiviniemi, V. J.  and Kotter, R.  and Li, S. J.  and Lin, C. P.  and Lowe, M. J.  and Mackay, C.  and Madden, D. J.  and Madsen, K. H.  and Margulies, D. S.  and Mayberg, H. S.  and McMahon, K.  and Monk, C. S.  and Mostofsky, S. H.  and Nagel, B. J.  and Pekar, J. J.  and Peltier, S. J.  and Petersen, S. E.  and Riedl, V.  and Rombouts, S. A.  and Rypma, B.  and Schlaggar, B. L.  and Schmidt, S.  and Seidler, R. D.  and Siegle, G. J.  and Sorg, C.  and Teng, G. J.  and Veijola, J.  and Villringer, A.  and Walter, M.  and Wang, L.  and Weng, X. C.  and Whitfield-Gabrieli, S.  and Williamson, P.  and Windischberger, C.  and Zang, Y. F.  and Zhang, H. Y.  and Castellanos, F. X.  and Milham, M. P. ",
   Title="{{T}oward discovery science of human brain function}",
   Journal="Proc. Natl. Acad. Sci. U.S.A.",
   Year="2010",
   Volume="107",
   Number="10",
   Pages="4734--4739",
   Month="Mar"
}

% 18302232 
@article{Jack2008,
   Author="Jack, C. R.  and Bernstein, M. A.  and Fox, N. C.  and Thompson, P.  and Alexander, G.  and Harvey, D.  and Borowski, B.  and Britson, P. J.  and L Whitwell, J.  and Ward, C.  and Dale, A. M.  and Felmlee, J. P.  and Gunter, J. L.  and Hill, D. L.  and Killiany, R.  and Schuff, N.  and Fox-Bosetti, S.  and Lin, C.  and Studholme, C.  and DeCarli, C. S.  and Krueger, G.  and Ward, H. A.  and Metzger, G. J.  and Scott, K. T.  and Mallozzi, R.  and Blezek, D.  and Levy, J.  and Debbins, J. P.  and Fleisher, A. S.  and Albert, M.  and Green, R.  and Bartzokis, G.  and Glover, G.  and Mugler, J.  and Weiner, M. W. ",
   Title="{{T}he {A}lzheimer's {D}isease {N}euroimaging {I}nitiative ({A}{D}{N}{I}): {M}{R}{I} methods}",
   Journal="J Magn Reson Imaging",
   Year="2008",
   Volume="27",
   Number="4",
   Pages="685--691",
   Month="Apr"
}

% 17426351 
@article{Marcus2007,
   Author="Marcus, D. S.  and Olsen, T. R.  and Ramaratnam, M.  and Buckner, R. L. ",
   Title="{{T}he {E}xtensible {N}euroimaging {A}rchive {T}oolkit: an informatics platform for managing, exploring, and sharing neuroimaging data}",
   Journal="Neuroinformatics",
   Year="2007",
   Volume="5",
   Number="1",
   Pages="11--34"
}

@article{Poldrack2013,
   Author="Poldrack, R. A.  and Barch, D. M.  and Mitchell, J. P.  and Wager, T. D.  and Wagner, A. D.  and Devlin, J. T.  and Cumba, C.  and Koyejo, O.  and Milham, M. P. ",
   Title="{{T}oward open sharing of task-based f{M}{R}{I} data: the {O}penf{M}{R}{I} project}",
   Journal="Front Neuroinform",
   Year="2013",
   Volume="7",
   Pages="12"
}

% 18999128 
@article{Buccigrossi2008,
   Author="Buccigrossi, R.  and Ellisman, M.  and Grethe, J.  and Haselgrove, C.  and Kennedy, D. N.  and Martone, M.  and Preuss, N.  and Reynolds, K.  and Sullivan, M.  and Turner, J.  and Wagner, K. ",
   Title="{{T}he {N}euroimaging {I}nformatics {T}ools and {R}esources {C}learinghouse ({N}{I}{T}{R}{C})}",
   Journal="AMIA Annu Symp Proc",
   Year="2008",
   Pages="1000"
}

